@book{cansat_design_2024,
  author = {Miller, C. and Davis, D.},
  title = {CanSat Design Principles and Methodologies},
  publisher = {Aerospace Educational Press},
  year = {2024}
}